<record><leader>00000cas a22000007a 4500</leader><controlfield tag="001">15568840</controlfield><controlfield tag="008">870422d18uu1911inudn ne      0    0eng d</controlfield><datafield ind1=" " ind2=" " tag="010"><subfield code="a">sn 87055786 </subfield></datafield><datafield ind1=" " ind2=" " tag="040"><subfield code="a">NPI</subfield><subfield code="b">eng</subfield><subfield code="c">NPI</subfield><subfield code="d">OCLCQ</subfield></datafield><datafield ind1=" " ind2=" " tag="042"><subfield code="a">msc</subfield></datafield><datafield ind1="0" ind2="0" tag="245"><subfield code="a">South Bend daily times.</subfield></datafield><datafield ind1=" " ind2=" " tag="260"><subfield code="a">South Bend, Ind. :</subfield><subfield code="b">J.B. Stoll,</subfield><subfield code="c">-1911.</subfield></datafield><datafield ind1=" " ind2=" " tag="310"><subfield code="a">Daily (except Sun.)</subfield></datafield><datafield ind1="0" ind2=" " tag="362"><subfield code="a">-v. 28, no. 91 (Mar. 18, 1911).</subfield></datafield><datafield ind1=" " ind2=" " tag="580"><subfield code="a">Also published in a weekly/semiweekly ed. called: The South Bend times, 1881-1913.</subfield></datafield><datafield ind1=" " ind2=" " tag="588"><subfield code="a">Description based on: Vol. 8, no 114 (Apr. 15, 1891).</subfield></datafield><datafield ind1=" " ind2=" " tag="752"><subfield code="a">United States</subfield><subfield code="b">Indiana</subfield><subfield code="c">Saint Joseph</subfield><subfield code="d">South Bend.</subfield></datafield><datafield ind1="1" ind2=" " tag="775"><subfield code="t">South Bend times (South Bend, Ind. : Weekly : 1881)</subfield><subfield code="w">(DLC)sn 87055956</subfield></datafield><datafield ind1="0" ind2="0" tag="780"><subfield code="t">Daily times (South Bend, Ind.)</subfield><subfield code="w">(DLC)sn 87055954</subfield></datafield><datafield ind1="0" ind2="0" tag="785"><subfield code="t">South Bend times (South Bend, Ind. : Daily)</subfield><subfield code="w">(DLC)sn 87055778</subfield></datafield></record>